@book{Hekmat2006,
	author = {Ramin Hekmat},
	doi = {10.1007/1-4020-5166-2},
	year = {2006},
	publisher = {Springer Netherlands},
	title = {Ad-hoc Networks: Fundamental Properties and Network Topologies},
}

@inproceedings{Kenniche2010,
	doi = {10.1109/iccae.2010.5451758},
	url = {https://doi.org/10.1109/iccae.2010.5451758},
	year = {2010},
	month = feb,
	publisher = {{IEEE}},
	author = {Hichem Kenniche and Vlady Ravelomananana},
	title = {Random Geometric Graphs as model of Wireless Sensor Networks},
	booktitle = {2010 The 2nd International Conference on Computer and Automation Engineering ({ICCAE})}
}

@inproceedings{Diaz2008,
	author = {Díaz, Josep and Mitsche, Dieter and Pérez-Giménez, Xavier},
	title = {On the Connectivity of Dynamic Random Geometric Graphs},
	year = 2008,
	booktitle = {Proceedings of the Nineteenth Annual ACM-SIAM Symposium on Discrete Algorithms},
	series = {SODA '08},
	location = {San Francisco, California},
	pages = {601--610},
	numpages = {10},
	publisher = {Society for Industrial and Applied Mathematics},
	address = {Philadelphia, PA, USA},
}
