@INPROCEEDINGS{decker_2013,
author={C. {Decker} and R. {Wattenhofer}},
booktitle={IEEE P2P 2013 Proceedings},
title={Information propagation in the Bitcoin network},
year={2013},
volume={},
number={},
pages={1-10},
keywords={financial data processing;foreign exchange trading;information propagation;Bitcoin network;digital currency;replicated ledger;transaction verification;multihop broadcast;blockchain forks;protocol;Peer-to-peer computing;Conferences;Protocols;Delays;History;Synchronization;Buildings},
doi={10.1109/P2P.2013.6688704},
ISSN={},
month={Sep.},}

@INPROCEEDINGS{saito_2016,
author={K. {Saito} and H. {Yamada}},
booktitle={2016 IEEE 36th International Conference on Distributed Computing Systems Workshops (ICDCSW)},
title={What’s So Different about Blockchain? — Blockchain is a Probabilistic State Machine},
year={2016},
volume={},
number={},
pages={168-175},
keywords={distributed processing;electronic money;finite state machines;network servers;peer-to-peer computing;probability;Blockchain;probabilistic state machine;distributed timestamp server technology;Bitcoin realization;digital cash system;legal applications;financial applications;Probabilistic logic;Online banking;Protocols;Data structures;History;Servers;Conferences;blockchain;consensus;state machine;transaction;agreement;fault tolerance;Byzantine;BFT},
doi={10.1109/ICDCSW.2016.28},
ISSN={},
month={June},}

@INPROCEEDINGS{gkorou_2013,
author={D. {Gkorou} and T. {Vinkó} and J. {Pouwelse} and D. {Epema}},
booktitle={IEEE P2P 2013 Proceedings},
title={Leveraging node properties in random walks for robust reputations in decentralized networks},
year={2013},
volume={},
number={},
pages={1-10},
keywords={computer network security;graph theory;network theory (graphs);random processes;trusted computing;decentralized networks;random walk-based algorithms;uncooperative nodes;malicious nodes;structural properties;temporal properties;malicious exploitations;Sybil attacks;node properties;robust reputation systems;synthetic graphs;real-world networks;reputation systems;Peer-to-peer computing;Facebook;Correlation;Robustness;Conferences;Protocols},
doi={10.1109/P2P.2013.6688708},
ISSN={},
month={Sep.},}

@article{denning_1996,
title = "Location-based authentication: Grounding cyberspace for better security",
journal = "Computer Fraud \& Security",
volume = "1996",
number = "2",
pages = "12 - 16",
year = "1996",
issn = "1361-3723",
doi = "https://doi.org/10.1016/S1361-3723(97)82613-9",
author = "Dorothy E. Denning and Peter F. MacDoran",
abstract = "Cyberspace is often characterized as a virtual world that transcends space. People log into computers and transact business electronically without regard to their own geographic location or the locations of the systems they use. A consequence of this lack of grounding in the physical world is that actions can take place over modems and computer networks without anyone knowing exactly where they originated."
}

@INPROCEEDINGS{zhang_2012,
author={F. {Zhang} and A. {Kondoro} and S. {Muftic}},
booktitle={2012 IEEE 11th International Conference on Trust, Security and Privacy in Computing and Communications},
title={Location-Based Authentication and Authorization Using Smart Phones},
year={2012},
volume={},
number={},
pages={1285-1292},
keywords={authorisation;mobile computing;smart phones;transaction processing;location-based authentication scheme;location-based authorization scheme;smart phones;security features;mobile transaction systems;location verification;location registration;Servers;Authorization;Authentication;Smart phones;Mobile communication;Protocols;location;authentication;authorization;mobile},
doi={10.1109/TrustCom.2012.198},
ISSN={},
month={June},}

@online{gdpr,
author = {Luke Irwin},
year = 2018,
title = {The {GDPR}: {US} news sites block {EU} visitors},
url = {https://www.itgovernanceusa.com/blog/the-gdpr-us-news-sites-block-eu-visitors},
urldate = {2019-10-10},
}
